[gd_scene load_steps=16 format=2]

[ext_resource path="res://StageAccount.cs" type="Script" id=1]
[ext_resource path="res://FntMenuVSmall.tres" type="DynamicFont" id=2]
[ext_resource path="res://BG.png" type="Texture" id=3]
[ext_resource path="res://montserrat.otf" type="DynamicFontData" id=4]
[ext_resource path="res://icon.png" type="Texture" id=5]
[ext_resource path="res://FntMenuSmall.tres" type="DynamicFont" id=6]
[ext_resource path="res://FntMenuTinySmall.tres" type="DynamicFont" id=7]
[ext_resource path="res://font.tres" type="DynamicFont" id=8]

[sub_resource type="DynamicFont" id=1]
size = 32
font_data = ExtResource( 4 )

[sub_resource type="DynamicFont" id=2]
font_data = ExtResource( 4 )

[sub_resource type="DynamicFont" id=3]
size = 32
font_data = ExtResource( 4 )

[sub_resource type="Animation" id=4]
resource_name = "LogIn"
loop = true
tracks/0/type = "value"
tracks/0/path = NodePath("SpriteLogIn:rotation_degrees")
tracks/0/interp = 1
tracks/0/loop_wrap = true
tracks/0/imported = false
tracks/0/enabled = true
tracks/0/keys = {
"times": PoolRealArray( 0, 0.2, 0.4, 0.7, 1 ),
"transitions": PoolRealArray( 1, 1, 1, 1, 1 ),
"update": 0,
"values": [ 0.0, 90.0, 180.0, 270.0, 360.0 ]
}

[sub_resource type="DynamicFont" id=5]
size = 44
font_data = ExtResource( 4 )

[sub_resource type="DynamicFont" id=6]
size = 20
font_data = ExtResource( 4 )

[sub_resource type="DynamicFont" id=7]
size = 20
font_data = ExtResource( 4 )

[node name="StageAccount" type="Control"]
anchor_right = 1.0
anchor_bottom = 1.0
script = ExtResource( 1 )

[node name="LblTitle2" type="Label" parent="."]
margin_left = 56.0
margin_top = 34.0
margin_right = 249.0
margin_bottom = 60.0
custom_fonts/font = ExtResource( 2 )
text = "PlayFab Game Info"

[node name="Panel" type="TextureButton" parent="."]
margin_right = 1026.0
margin_bottom = 600.0
texture_normal = ExtResource( 3 )
expand = true

[node name="BtnPlay" type="Button" parent="Panel"]
margin_left = 306.442
margin_top = 123.15
margin_right = 682.442
margin_bottom = 262.15
custom_fonts/font = SubResource( 1 )
text = "Play"

[node name="PopNotImplemented" type="AcceptDialog" parent="."]
editor/display_folded = true
margin_left = 326.49
margin_top = 253.459
margin_right = 655.49
margin_bottom = 350.459

[node name="LblNotImplemented" type="Label" parent="PopNotImplemented"]
margin_left = 8.0
margin_top = 8.0
margin_right = 321.0
margin_bottom = 61.0
custom_fonts/font = SubResource( 2 )
text = "Not implemented..."

[node name="LblLoggedInAs" type="Label" parent="."]
margin_left = 317.898
margin_top = 290.69
margin_right = 676.898
margin_bottom = 376.69
custom_fonts/font = SubResource( 3 )
text = "Attempting to log in..."

[node name="BtnSettings" type="Button" parent="."]
margin_left = 899.387
margin_top = 21.8266
margin_right = 975.387
margin_bottom = 103.827
icon = ExtResource( 5 )

[node name="SpriteLogIn" type="Sprite" parent="."]
position = Vector2( 713.619, 309.549 )
scale = Vector2( 0.6, 0.6 )
texture = ExtResource( 5 )

[node name="AnimLogIn" type="AnimationPlayer" parent="."]
autoplay = "LogIn"
anims/LogIn = SubResource( 4 )

[node name="PnlGameInfo" type="Panel" parent="."]
margin_left = 26.0
margin_top = 26.0
margin_right = 277.0
margin_bottom = 198.0

[node name="LblTitle" type="Label" parent="PnlGameInfo"]
margin_left = 56.0
margin_top = 369.0
margin_right = 908.0
margin_bottom = 506.0
custom_fonts/font = ExtResource( 6 )
text = "This project demonstrates playfab integration with Godot.
Before doing anything, you need to enter your Title ID. For admin tests, also enter the secret key. Click the top right button to start."
autowrap = true

[node name="LblTitleID" type="Label" parent="PnlGameInfo"]
margin_left = 7.0
margin_top = 41.0
margin_right = 77.0
margin_bottom = 61.0
custom_fonts/font = ExtResource( 7 )
text = "Title ID"

[node name="LblSecretKey" type="Label" parent="PnlGameInfo"]
margin_left = 7.0
margin_top = 71.0
margin_right = 77.0
margin_bottom = 91.0
custom_fonts/font = ExtResource( 7 )
text = "Secret key"

[node name="BtnUpdate" type="Button" parent="PnlGameInfo"]
margin_left = 51.0
margin_top = 117.0
margin_right = 193.0
margin_bottom = 149.0
custom_fonts/font = ExtResource( 2 )
text = "Update"

[node name="LEdTitleID" type="LineEdit" parent="PnlGameInfo"]
margin_left = 105.0
margin_top = 38.0
margin_right = 232.0
margin_bottom = 62.0
custom_fonts/font = ExtResource( 7 )
text = "Enter title ID"

[node name="LEdSecretKey" type="LineEdit" parent="PnlGameInfo"]
margin_left = 105.0
margin_top = 66.0
margin_right = 232.0
margin_bottom = 94.0
custom_fonts/font = ExtResource( 7 )
text = "Enter secret key"

[node name="PnlSettings" type="Panel" parent="."]
modulate = Color( 0.929412, 1, 0.921569, 1 )
margin_left = 157.387
margin_top = 103.04
margin_right = 867.387
margin_bottom = 483.04

[node name="LblTitle" type="Label" parent="PnlSettings"]
margin_left = 78.0
margin_top = 11.0
margin_right = 635.0
margin_bottom = 79.0
custom_fonts/font = SubResource( 5 )
text = "Settings"
align = 1
valign = 1

[node name="BtnAccounts" type="Button" parent="PnlSettings"]
margin_top = 126.055
margin_right = 182.0
margin_bottom = 198.055
custom_fonts/font = ExtResource( 8 )
text = "Accounts"

[node name="PnlAccounts" type="Panel" parent="PnlSettings"]
modulate = Color( 1, 1, 0.85098, 1 )
margin_left = 182.0
margin_top = 78.0
margin_right = 706.0
margin_bottom = 373.0

[node name="BtnRegister" type="Button" parent="PnlSettings/PnlAccounts"]
margin_left = 12.0
margin_top = -2.0
margin_right = 174.0
margin_bottom = 48.0
custom_fonts/font = ExtResource( 8 )
text = "Register"

[node name="BtnLogin" type="Button" parent="PnlSettings/PnlAccounts"]
margin_left = 176.0
margin_top = -2.0
margin_right = 335.0
margin_bottom = 48.0
custom_fonts/font = ExtResource( 8 )
text = "Login"

[node name="BtnData" type="Button" parent="PnlSettings/PnlAccounts"]
margin_left = 336.534
margin_top = -2.0
margin_right = 510.534
margin_bottom = 48.0
custom_fonts/font = ExtResource( 8 )
text = "Data Test"

[node name="PnlRegister" type="Panel" parent="PnlSettings/PnlAccounts"]
visible = false
modulate = Color( 1, 0.858824, 1, 1 )
margin_left = 2.0
margin_top = 50.0
margin_right = 525.0
margin_bottom = 259.0

[node name="LblEmail" type="Label" parent="PnlSettings/PnlAccounts/PnlRegister"]
margin_left = 93.0748
margin_top = 3.79459
margin_right = 171.075
margin_bottom = 36.7946
custom_fonts/font = ExtResource( 8 )
text = "Email"
align = 2

[node name="LblUser" type="Label" parent="PnlSettings/PnlAccounts/PnlRegister"]
margin_left = 31.0249
margin_top = 43.6838
margin_right = 170.025
margin_bottom = 76.6838
custom_fonts/font = ExtResource( 8 )
text = "Username"

[node name="LblPassword" type="Label" parent="PnlSettings/PnlAccounts/PnlRegister"]
margin_left = 36.5651
margin_top = 82.465
margin_right = 170.565
margin_bottom = 115.465
custom_fonts/font = ExtResource( 8 )
text = "Password"

[node name="LblConfirmPw" type="Label" parent="PnlSettings/PnlAccounts/PnlRegister"]
margin_left = 12.1635
margin_top = 120.85
margin_right = 172.163
margin_bottom = 153.85
custom_fonts/font = ExtResource( 8 )
text = "Confirm pw"

[node name="BtnRegSubmit" type="Button" parent="PnlSettings/PnlAccounts/PnlRegister"]
margin_left = 178.0
margin_top = 167.0
margin_right = 331.0
margin_bottom = 206.0
custom_fonts/font = ExtResource( 8 )
text = "Submit"

[node name="LEdEmail" type="LineEdit" parent="PnlSettings/PnlAccounts/PnlRegister"]
margin_left = 182.319
margin_top = 1.85001
margin_right = 508.319
margin_bottom = 44.85
custom_fonts/font = ExtResource( 2 )
text = "Enter email"

[node name="LEdUser" type="LineEdit" parent="PnlSettings/PnlAccounts/PnlRegister"]
margin_left = 182.319
margin_top = 38.4151
margin_right = 508.319
margin_bottom = 81.4151
custom_fonts/font = ExtResource( 2 )
text = "Enter user"

[node name="LEdPass" type="LineEdit" parent="PnlSettings/PnlAccounts/PnlRegister"]
margin_left = 182.319
margin_top = 78.3043
margin_right = 508.319
margin_bottom = 121.304
custom_fonts/font = ExtResource( 2 )
secret = true

[node name="LEdPwConfirm" type="LineEdit" parent="PnlSettings/PnlAccounts/PnlRegister"]
margin_left = 182.319
margin_top = 117.085
margin_right = 508.319
margin_bottom = 160.085
custom_fonts/font = ExtResource( 2 )
secret = true

[node name="PnlLogin" type="Panel" parent="PnlSettings/PnlAccounts"]
modulate = Color( 1, 0.858824, 1, 1 )
margin_left = 2.0
margin_top = 49.0
margin_right = 525.0
margin_bottom = 258.0

[node name="LblUser" type="Label" parent="PnlSettings/PnlAccounts/PnlLogin"]
margin_left = 31.0249
margin_top = 16.2954
margin_right = 170.025
margin_bottom = 49.2954
custom_fonts/font = ExtResource( 8 )
text = "Username"

[node name="LblPassword" type="Label" parent="PnlSettings/PnlAccounts/PnlLogin"]
margin_left = 36.5651
margin_top = 72.8051
margin_right = 170.565
margin_bottom = 105.805
custom_fonts/font = ExtResource( 8 )
text = "Password"

[node name="BtnLoginSubmit" type="Button" parent="PnlSettings/PnlAccounts/PnlLogin"]
margin_left = 66.6312
margin_top = 152.298
margin_right = 219.631
margin_bottom = 191.298
custom_fonts/font = ExtResource( 8 )
text = "Submit"

[node name="BtnForgotPw" type="Button" parent="PnlSettings/PnlAccounts/PnlLogin"]
margin_left = 271.05
margin_top = 152.0
margin_right = 459.05
margin_bottom = 191.0
custom_fonts/font = SubResource( 6 )
text = "Forgot Password"

[node name="LEdUser" type="LineEdit" parent="PnlSettings/PnlAccounts/PnlLogin"]
margin_left = 182.319
margin_top = 11.0267
margin_right = 508.319
margin_bottom = 54.0267
custom_fonts/font = ExtResource( 2 )
text = "Enter user"

[node name="LEdPass" type="LineEdit" parent="PnlSettings/PnlAccounts/PnlLogin"]
margin_left = 182.319
margin_top = 69.7525
margin_right = 508.319
margin_bottom = 112.753
custom_fonts/font = ExtResource( 2 )
secret = true

[node name="PnlData" type="Panel" parent="PnlSettings/PnlAccounts"]
modulate = Color( 1, 0.858824, 1, 1 )
margin_left = 2.0
margin_top = 49.0
margin_right = 525.0
margin_bottom = 258.0

[node name="LblKey" type="Label" parent="PnlSettings/PnlAccounts/PnlData"]
margin_left = 31.0249
margin_top = 61.2954
margin_right = 170.025
margin_bottom = 94.2954
custom_fonts/font = ExtResource( 8 )
text = "Key"

[node name="LblUser" type="Label" parent="PnlSettings/PnlAccounts/PnlData"]
margin_left = 31.0249
margin_top = 11.2954
margin_right = 170.025
margin_bottom = 44.2954
custom_fonts/font = ExtResource( 8 )
text = "Username"

[node name="LblValue" type="Label" parent="PnlSettings/PnlAccounts/PnlData"]
margin_left = 31.5651
margin_top = 106.805
margin_right = 165.565
margin_bottom = 139.805
custom_fonts/font = ExtResource( 8 )
text = "Value"

[node name="BtnGetData" type="Button" parent="PnlSettings/PnlAccounts/PnlData"]
margin_left = 66.6312
margin_top = 152.298
margin_right = 219.631
margin_bottom = 191.298
custom_fonts/font = ExtResource( 8 )
text = "Get Data"

[node name="BtnSubmitData" type="Button" parent="PnlSettings/PnlAccounts/PnlData"]
margin_left = 271.05
margin_top = 152.0
margin_right = 459.05
margin_bottom = 191.0
custom_fonts/font = SubResource( 6 )
text = "Submit Data"

[node name="LEdKey" type="LineEdit" parent="PnlSettings/PnlAccounts/PnlData"]
margin_left = 182.319
margin_top = 56.0267
margin_right = 508.319
margin_bottom = 99.0267
custom_fonts/font = ExtResource( 2 )
text = "Enter key"

[node name="LblEdUser" type="LineEdit" parent="PnlSettings/PnlAccounts/PnlData"]
margin_left = 182.319
margin_top = 6.0267
margin_right = 508.319
margin_bottom = 49.0267
custom_fonts/font = ExtResource( 2 )
text = "Username to get/submit data"

[node name="LEdValue" type="LineEdit" parent="PnlSettings/PnlAccounts/PnlData"]
margin_left = 182.319
margin_top = 103.753
margin_right = 508.319
margin_bottom = 146.753
custom_fonts/font = ExtResource( 2 )
text = "Enter value"

[node name="LblStatus" type="Label" parent="PnlSettings"]
margin_left = 185.0
margin_top = 341.0
margin_right = 705.0
margin_bottom = 376.0
custom_fonts/font = SubResource( 7 )
text = "Status text"
align = 1
valign = 1
autowrap = true
clip_text = true
[connection signal="pressed" from="Panel" to="." method="_on_Panel_pressed"]
[connection signal="pressed" from="Panel/BtnPlay" to="." method="_on_BtnPlay_pressed"]
[connection signal="confirmed" from="PopNotImplemented" to="." method="_on_AcceptDialog_confirmed"]
[connection signal="pressed" from="BtnSettings" to="." method="_on_BtnSettings_pressed"]
[connection signal="pressed" from="PnlGameInfo/BtnUpdate" to="." method="_on_BtnUpdate_pressed"]
[connection signal="text_changed" from="PnlGameInfo/LEdTitleID" to="." method="_on_LEdTitleID_text_changed"]
[connection signal="text_changed" from="PnlGameInfo/LEdSecretKey" to="." method="_on_LEdSecretKey_text_changed"]
[connection signal="pressed" from="PnlSettings/BtnAccounts" to="." method="_on_BtnAccounts_pressed"]
[connection signal="pressed" from="PnlSettings/PnlAccounts/BtnRegister" to="." method="_on_BtnRegister_pressed"]
[connection signal="pressed" from="PnlSettings/PnlAccounts/BtnLogin" to="." method="_on_BtnLogin_pressed"]
[connection signal="pressed" from="PnlSettings/PnlAccounts/BtnData" to="." method="_on_BtnData_pressed"]
[connection signal="pressed" from="PnlSettings/PnlAccounts/PnlRegister/BtnRegSubmit" to="." method="_on_BtnRegSubmit_pressed"]
[connection signal="text_changed" from="PnlSettings/PnlAccounts/PnlRegister/LEdEmail" to="." method="_on_LEdEmailReg_text_changed"]
[connection signal="text_changed" from="PnlSettings/PnlAccounts/PnlRegister/LEdUser" to="." method="_on_LEdUserReg_text_changed"]
[connection signal="text_changed" from="PnlSettings/PnlAccounts/PnlRegister/LEdPass" to="." method="_on_LEdPassReg_text_changed"]
[connection signal="text_changed" from="PnlSettings/PnlAccounts/PnlRegister/LEdPwConfirm" to="." method="_on_LEdPwConfirmReg_text_changed"]
[connection signal="pressed" from="PnlSettings/PnlAccounts/PnlLogin/BtnLoginSubmit" to="." method="_on_BtnLoginSubmit_pressed"]
[connection signal="pressed" from="PnlSettings/PnlAccounts/PnlLogin/BtnForgotPw" to="." method="_on_BtnForgotPw_pressed"]
[connection signal="text_changed" from="PnlSettings/PnlAccounts/PnlLogin/LEdUser" to="." method="_on_LEdUserLogin_text_changed"]
[connection signal="text_changed" from="PnlSettings/PnlAccounts/PnlLogin/LEdPass" to="." method="_on_LEdPassLogin_text_changed"]
[connection signal="pressed" from="PnlSettings/PnlAccounts/PnlData/BtnGetData" to="." method="_on_BtnGetData_pressed"]
[connection signal="pressed" from="PnlSettings/PnlAccounts/PnlData/BtnSubmitData" to="." method="_on_BtnSubmitData_pressed"]
[connection signal="text_changed" from="PnlSettings/PnlAccounts/PnlData/LEdKey" to="." method="_on_LEdKey_text_changed"]
[connection signal="text_changed" from="PnlSettings/PnlAccounts/PnlData/LblEdUser" to="." method="_on_LblEdUser_text_changed"]
[connection signal="text_changed" from="PnlSettings/PnlAccounts/PnlData/LEdValue" to="." method="_on_LEdValue_text_changed"]
